@book{bellNuclear_reactor_theory_bell_glasstone1970,
  title = {Nuclear\_reactor\_theory\_bell\_glasstone},
  author = {Bell, George and Glasstone, Samuel},
  year = {1970},
  edition = {Clean \& Tight Contents; First Edition},
  publisher = {Van Nostrand Reinhold Company},
  isbn = {978-0-442-20684-0},
  file = {/home/liamp2/Zotero/storage/MINQB245/nuclear_reactor_theory_bell_glasstone.pdf}
}

@book{duderstadtNuclearReactorAnalysis1976,
  title = {Nuclear {{Reactor Analysis}}},
  author = {Duderstadt, James and Hamilton, Louis},
  year = {1976},
  publisher = {John Wiley \& Sons, Inc.},
  address = {Ann Arbor, Michigan},
  urldate = {2025-08-28},
  isbn = {0-471-22363-8},
  file = {/home/liamp2/Zotero/storage/HGJW573V/1976_Nuclear_Reactor_Analysis.pdf}
}

@book{duderstadtTransportTheory1979,
  title = {Transport {{Theory}}},
  author = {Duderstadt, James and Martin, William},
  year = {1979},
  publisher = {John Wiley \& Sons, Inc.},
  isbn = {0-471-04492-X},
  langid = {english},
  file = {/home/liamp2/Zotero/storage/H4KSS3SL/Transport theory  James J. Duderstadt, William R. Martin..pdf}
}

@book{lewisComputationalMethodsNeutron1993,
  title = {Computational {{Methods}} of {{Neutron Transport}}},
  author = {Lewis, E.E. and Miller, W. F.},
  year = {1993},
  publisher = {American Nuclear Society, Inc.},
  isbn = {0-89448-452-4},
  file = {/home/liamp2/Zotero/storage/NW5UI6FN/computational_methods_lewis_miller.pdf}
}

@book{staceyNuclearReactorPhysics2007,
  title = {Nuclear Reactor Physics},
  author = {Stacey, Weston M.},
  year = {2007},
  edition = {2nd ed., completely rev. and enlarged},
  publisher = {Wiley-VCH},
  address = {Weinheim},
  isbn = {978-3-527-40679-1},
  langid = {english},
  lccn = {TK9145 .S73 2007},
  keywords = {Nuclear engineering,Nuclear fission,Nuclear physics,Nuclear reactors},
  file = {/home/liamp2/Zotero/storage/3LH8QEPF/Stacey - 2007 - Nuclear reactor physics.pdf}
}
